@inproceedings{campiolo2013,
    author = {L. A. F. Santos and R. Campiolo and M. A. Gerosa and D. M. Batista},
    title = {Detecção de Alertas de Segurança em Redes de Computadores Usando Redes Sociais},
    booktitle = {31º Simpósio Brasileiro de Redes de Computadores e Sistemas Distribuídos},
    year = {2013}
}

@techreport{michels2013,
    author = {M. O. Michels},
    title = {Real Time Text Analysis on Internet Relay Chat Conversations},
    year = {2013},
    institution = {Center for Education and Research Information Assurance and Security, Purdue University}
}
